%% ----------------------------------------------------------------
%% ECS.bib
%% ---------------------------------------------------------------- 
@MISC{Gunn:2001:pdflatex,
  author =       {S.R. Gunn},
  title =        {PDFLaTeX Instructions},
  year =         {2001},
  url =          {http://www.ecs.soton.ac.uk/~srg/softwaretools/document/}
}
@article{nakamoto2008bitcoin,
	title={Bitcoin: A peer-to-peer electronic cash system},
	author={Nakamoto, Satoshi},
	year={2008}
}
@article{benet2014ipfs,
	title={IPFS-content addressed, versioned, P2P file system},
	author={Benet, Juan},
	journal={arXiv preprint arXiv:1407.3561},
	year={2014}
}
@article{buterin2013ethereum,
	title={Ethereum white paper},
	author={Buterin, Vitalik and others},
	journal={GitHub repository},
	year={2013}
}
 @article{Khoe:1994:CML:2288694.2294265,
	author = {Michal R. Hoffman and Luis-Daniel, IbÃ¡Ã±ez and Huw, Fryer and Elena, Simperl},
	title = {Smart Papers- Dynamic Publications on the Blockchain},
	year = {2018}
}
@article{Pluto,
	author = {Pluto Network},
	title = {Pluto White Paper},
	year = {2018}
}
@article{DEIP,
author ={DEIP Platform},
title = {DECENTRALIZED RESEARCH PLATFORM},
year = {2017}
}
@article{science,
	author = {Vlad, Gunther and Alexandru Chirita},
	title = {"Scienceroot" Whitepaper},
	year = {2017}
}
@incollection{heller2014dynamic,
  title={Dynamic Publication Formats and Collaborative Authoring},
  author={Heller, Lambert and Bartling, S{\"o}nke and others},
  booktitle={Opening Science},
  pages={191--211},
  year={2014},
  publisher={Springer}
}
@article{d2018authors,
  title={Authors’ perspectives on academic publishing: initial observations from a large-scale global survey},
  author={D’Souza, Basil and Kulkarni, Sneha and Cerejo, Clarinda},
  journal={Science Editing},
  volume={5},
  number={1},
  pages={39--43},
  year={2018},
  publisher={Korean Council of Science Editors}
}
@misc{remix,
    title={Remix},
    url={https://remix.ethereum.org/}
}
@misc{truffle,
  title={Truffle},
  url={https://github.com/trufflesuite/truffle}
}
@misc{solc,
title={Solc},
url={https://github.com/ethereum/solc-js}
}

